%% This BibTeX bibliography file was created using BibDesk.
%% http://bibdesk.sourceforge.net/


%% Created for Vince Moens at 2012-05-07 10:39:24 +0200 


%% Saved with string encoding Unicode (UTF-8) 



@book{Polk:2002fk,
	Address = {Cambridge, Mass.},
	Annote = {LDR    01527nam a22004094u 4500
001    004194715
003    SzZuIDS NEBIS
005    20011004105146.0
008    010112s2002    xxu           00    eng  
010    $a2001018325
020    $a0262161982
020    $a0262661160 (pbk.)
040    $aDLC$dSzZuIDS NEBIS ETH-BIB
050  0 $aBF311$b.C55175 2001
072  7 $a098$2E01-20021129
072  7 $aM264$2Z01
082 0  $a153$221
245 00 $aCognitive modeling /$ced. by Thad A. Polk ... [et al.]
260    $aCambridge, Mass. :$bMIT Press,$c2002
300    $a1270 S. :$bIll.
504    $aIncludes bibliographical references and index
691    $aK{\"U}NSTLICHE INTELLIGENZ$9ger$8004*08*02$2nebis E1
691    $aMASCHINELLES LERNEN (K{\"U}NSTLICHE INTELLIGENZ)$9ger$8004*08*02*07$2nebis E1
691    $aKOGNITIVE NEUROLOGIE, INTELLIGENZ, KONZENTRATION, ASSOZIATIONS- UND VORSTELLUNGSF{\"A}HIGKEIT, AUFMERKSAMKEIT (NEUROLOGIE)$9ger$8612.821.2$2nebis E1
650  7 $aKognition$2zbz
650  7 $aKognitionswissenschaft$2zbz
650  7 $aMentales Modell$2zbz
650  7 $aSimulation$2zbz
650  7 $aTheorie$2zbz
655    $aAufsatzsammlung [Formschlagwort]
650  0 $aCognition
650  0 $aCognitive science
700 1  $aPolk, Thad A.
909    $azbzmon200301l$cgehm$dzbzswk200302b$ebisg$2zbz Z2
852    $bE01$c03$h781982$pEM000004622802$4ETH-BIB (Z{\"u}rich)$5Magazin
852    $bE61$pEBEST589328$4HES-EIA-FR (Fribourg)
852    $bZ01$c02$hGGN 59912$pZM00331751$4ZB (Z{\"u}rich)$5Freihand 02
},
	Author = {Polk, Thad A},
	Call-Number = {BF311},
	Date-Added = {2012-05-07 08:39:02 +0000},
	Date-Modified = {2012-05-07 08:39:02 +0000},
	Dewey-Call-Number = {153},
	Genre = {Kognition},
	Isbn = {0262161982},
	Library-Id = {2001018325},
	Publisher = {MIT Press},
	Title = {Cognitive modeling},
	Year = {2002}}
