% This file was created with JabRef 2.6.
% Encoding: UTF-8

@ARTICLE{Hertz1991,
  author = {John Hertz and Anders Krogh and Richard G. Palmer},
  title = {Introduction to the Theory of Neural Computation},
  journal = {Addison-Wesley, Redwood City CA},
  year = {1991},
  file = {Hertz1991.pdf:Hertz1991.pdf:PDF},
  owner = {reinhold},
  timestamp = {2012.04.17}
}

@comment{jabref-meta: selector_publisher:}

@comment{jabref-meta: selector_author:}

@comment{jabref-meta: selector_journal:}

@comment{jabref-meta: selector_keywords:}

